@inproceedings{veerasamy_rising_2022,
  title={Rising above misinformation and deepfakes},
  author={Veerasamy, Namosha and Pieterse, Heloise},
  booktitle={International Conference on Cyber Warfare and Security},
  volume={17},
  number={1},
  pages={340--348},
  year={2022},
  organization={Academic Conferences International Limited}
}

@article{albahar_deepfakes_2005,
  title={Deepfakes: Threats and countermeasures systematic review},
  author={Albahar, Marwan and Almalki, Jameel},
  journal={Journal of Theoretical and Applied Information Technology},
  volume={97},
  number={22},
  pages={3242--3250},
  year={2019}
}
@article{li2025survey,
  title={A Survey on Speech Deepfake Detection},
  author={Li, Menglu and Ahmadiadli, Yasaman and Zhang, Xiao-Ping},
  journal={ACM Computing Surveys},
  year={2025},
  publisher={ACM New York, NY}
}
@article{dixit2023review,
  title={Review of audio deepfake detection techniques: Issues and prospects},
  author={Dixit, Abhishek and Kaur, Nirmal and Kingra, Staffy},
  journal={Expert Systems},
  volume={40},
  number={8},
  pages={e13322},
  year={2023},
  publisher={Wiley Online Library}
}
@inproceedings{wang2020deepsonar,
  title={Deepsonar: Towards effective and robust detection of ai-synthesized fake voices},
  author={Wang, Run and Juefei-Xu, Felix and Huang, Yihao and Guo, Qing and Xie, Xiaofei and Ma, Lei and Liu, Yang},
  booktitle={Proceedings of the 28th ACM international conference on multimedia},
  pages={1207--1216},
  year={2020}
}
@article{becker2024audiomnist,
  title={AudioMNIST: exploring explainable artificial intelligence for audio analysis on a simple benchmark},
  author={Becker, S{\"o}ren and Vielhaben, Johanna and Ackermann, Marcel and M{\"u}ller, Klaus-Robert and Lapuschkin, Sebastian and Samek, Wojciech},
  journal={Journal of the Franklin Institute},
  volume={361},
  number={1},
  pages={418--428},
  year={2024},
  publisher={Elsevier}
}

@article{hind_explaining_2019,
  title={Explaining explainable AI},
  author={Hind, Michael},
  journal={XRDS: Crossroads, The ACM Magazine for Students},
  volume={25},
  number={3},
  pages={16--19},
  year={2019},
  publisher={ACM New York, NY, USA}
}

@inproceedings{chaiwongyen_contribution_2022,
  title={Contribution of timbre and shimmer features to deepfake speech detection},
  author={Chaiwongyen, Anuwat and Songsriboonsit, Norranat and Duangpummet, Suradej and Karnjana, Jessada and Kongprawechnon, Waree and Unoki, Masashi},
  booktitle={2022 Asia-Pacific Signal and Information Processing Association Annual Summit and Conference (APSIPA ASC)},
  pages={97--103},
  year={2022},
  organization={IEEE}
}

@inproceedings{chaiwongyen_deepfake-speech_2023,
  title={Deepfake-speech detection with pathological features and multilayer perceptron neural network},
  author={Chaiwongyen, Anuwat and Duangpummet, Suradej and Karnjana, Jessada and Kongprawechnon, Waree and Unoki, Masashi},
  booktitle={2023 Asia Pacific Signal and Information Processing Association Annual Summit and Conference (APSIPA ASC)},
  pages={2182--2188},
  year={2023},
  organization={IEEE}
}

@inproceedings{li_comparative_2022,
  title={A comparative study on physical and perceptual features for deepfake audio detection},
  author={Li, Menglu and Ahmadiadli, Yasaman and Zhang, Xiao-Ping},
  booktitle={Proceedings of the 1st International Workshop on Deepfake Detection for Audio Multimedia},
  pages={35--41},
  year={2022}
}

@inproceedings{qais_deepfake_2022,
  title={Deepfake audio detection with neural networks using audio features},
  author={Qais, Abu and Rastogi, Akshar and Saxena, Akash and Rana, Arpit and Sinha, Deependra},
  booktitle={2022 international conference on intelligent controller and computing for smart power (ICICCSP)},
  pages={1--6},
  year={2022},
  organization={IEEE}
}

@inproceedings{xue_audio_2022,
  title={Audio deepfake detection based on a combination of f0 information and real plus imaginary spectrogram features},
  author={Xue, Jun and Fan, Cunhang and Lv, Zhao and Tao, Jianhua and Yi, Jiangyan and Zheng, Chengshi and Wen, Zhengqi and Yuan, Minmin and Shao, Shegang},
  booktitle={Proceedings of the 1st international workshop on deepfake detection for audio multimedia},
  pages={19--26},
  year={2022}
}

@inproceedings{khanjani_learning_2023,
  title={Learning to listen and listening to learn: Spoofed audio detection through linguistic data augmentation},
  author={Khanjani, Zahra and Davis, Lavon and Tuz, Anna and Nwosu, Kifekachukwu and Mallinson, Christine and Janeja, Vandana P},
  booktitle={2023 IEEE International Conference on Intelligence and Security Informatics (ISI)},
  pages={01--06},
  year={2023},
  organization={IEEE}
}

@article{muller_does_2022,
  title={Does audio deepfake detection generalize?},
  author={M{\"u}ller, Nicolas M and Czempin, Pavel and Dieckmann, Franziska and Froghyar, Adam and B{\"o}ttinger, Konstantin},
  journal={arXiv preprint arXiv:2203.16263},
  year={2022}
}

@inproceedings{barrington_single_2023,
  title={Single and multi-speaker cloned voice detection: From perceptual to learned features},
  author={Barrington, Sarah and Barua, Romit and Koorma, Gautham and Farid, Hany},
  booktitle={2023 IEEE International Workshop on Information Forensics and Security (WIFS)},
  pages={1--6},
  year={2023},
  organization={IEEE}
}

@inproceedings{ge_explaining_2024,
  title={Explaining deep learning models for spoofing and deepfake detection with SHapley Additive exPlanations},
  author={Ge, Wanying and Patino, Jose and Todisco, Massimiliano and Evans, Nicholas},
  booktitle={ICASSP 2022-2022 IEEE international conference on acoustics, speech and signal processing (ICASSP)},
  pages={6387--6391},
  year={2022},
  organization={IEEE}
}

@article{haq_multimodal_2023,
  title={Multimodal neurosymbolic approach for explainable deepfake detection},
  author={Haq, Ijaz Ul and Malik, Khalid Mahmood and Muhammad, Khan},
  journal={ACM Transactions on Multimedia Computing, Communications and Applications},
  volume={20},
  number={11},
  pages={1--16},
  year={2024},
  publisher={ACM New York, NY}
}

@inproceedings{cuccovillo_open_2022,
  title={Open challenges in synthetic speech detection},
  author={Cuccovillo, Luca and Papastergiopoulos, Christoforos and Vafeiadis, Anastasios and Yaroshchuk, Artem and Aichroth, Patrick and Votis, Konstantinos and Tzovaras, Dimitrios},
  booktitle={2022 IEEE International Workshop on Information Forensics and Security (WIFS)},
  pages={1--6},
  year={2022},
  organization={IEEE}
}

@article{goodman_european_2017,
  title={European Union regulations on algorithmic decision-making and a “right to explanation”},
  author={Goodman, Bryce and Flaxman, Seth},
  journal={AI magazine},
  volume={38},
  number={3},
  pages={50--57},
  year={2017}
}

@inproceedings{sankaranarayanan_presidential_nodate,
  title={The presidential deepfakes dataset},
  author={Sankaranarayanan, Aruna and Groh, Matthew and Picard, Rosalind and Lippman, Andrew},
  booktitle={CEUR Workshop Proceedings},
  volume={2942},
  pages={57--72},
  year={2021},
  organization={CEUR-WS}
}

@article{wang_asvspoof_2020,
  title={ASVspoof 2019: A large-scale public database of synthesized, converted and replayed speech},
  author={Wang, Xin and Yamagishi, Junichi and Todisco, Massimiliano and Delgado, H{\'e}ctor and Nautsch, Andreas and Evans, Nicholas and Sahidullah, Md and Vestman, Ville and Kinnunen, Tomi and Lee, Kong Aik and others},
  journal={Computer Speech \& Language},
  volume={64},
  pages={101114},
  year={2020},
  publisher={Elsevier}
}

@inproceedings{yi_add_2024,
  title={Add 2022: the first audio deep synthesis detection challenge},
  author={Yi, Jiangyan and Fu, Ruibo and Tao, Jianhua and Nie, Shuai and Ma, Haoxin and Wang, Chenglong and Wang, Tao and Tian, Zhengkun and Bai, Ye and Fan, Cunhang and others},
  booktitle={ICASSP 2022-2022 IEEE International Conference on Acoustics, Speech and Signal Processing (ICASSP)},
  pages={9216--9220},
  year={2022},
  organization={IEEE}
}

@inproceedings{ribeiro_why_2016,
  title={" Why should i trust you?" Explaining the predictions of any classifier},
  author={Ribeiro, Marco Tulio and Singh, Sameer and Guestrin, Carlos},
  booktitle={Proceedings of the 22nd ACM SIGKDD international conference on knowledge discovery and data mining},
  pages={1135--1144},
  year={2016}
}

@inproceedings{yang_robust_2024,
  title={A robust audio deepfake detection system via multi-view feature},
  author={Yang, Yujie and Qin, Haochen and Zhou, Hang and Wang, Chengcheng and Guo, Tianyu and Han, Kai and Wang, Yunhe},
  booktitle={ICASSP 2024-2024 IEEE International Conference on Acoustics, Speech and Signal Processing (ICASSP)},
  pages={13131--13135},
  year={2024},
  organization={IEEE}
}

@inproceedings{ranjan_statnet_2022,
  title={Statnet: Spectral and temporal features based multi-task network for audio spoofing detection},
  author={Ranjan, Rishabh and Vatsa, Mayank and Singh, Richa},
  booktitle={2022 IEEE International Joint Conference on Biometrics (IJCB)},
  pages={1--9},
  year={2022},
  organization={IEEE}
}

@inproceedings{sharevski_blind_2024,
  title={Blind and Low-Vision Individuals' Detection of Audio Deepfakes},
  author={Sharevski, Filipo and Zeidieh, Aziz and Loop, Jennifer Vander and Jachim, Peter},
  booktitle={Proceedings of the 2024 on ACM SIGSAC Conference on Computer and Communications Security},
  pages={4867--4881},
  year={2024}
}

@inproceedings{liu_hidden--wave_2023,
  title={Hidden-in-wave: A novel idea to camouflage ai-synthesized voices based on speaker-irrelative features},
  author={Liu, Xin and Tan, Yuan and Hai, Xuan and Yu, Qingchen and Zhou, Qingguo},
  booktitle={2023 IEEE 34th International Symposium on Software Reliability Engineering (ISSRE)},
  pages={786--794},
  year={2023},
  organization={IEEE}
}

@inproceedings{anagha_audio_2023,
  title={Audio deepfake detection using deep learning},
  author={Anagha, R and Arya, A and Narayan, V Hari and Abhishek, S and Anjali, T},
  booktitle={2023 12th International Conference on System Modeling \& Advancement in Research Trends (SMART)},
  pages={176--181},
  year={2023},
  organization={IEEE}
}

@inproceedings{yan_initial_2022,
  title={An initial investigation for detecting vocoder fingerprints of fake audio},
  author={Yan, Xinrui and Yi, Jiangyan and Tao, Jianhua and Wang, Chenglong and Ma, Haoxin and Wang, Tao and Wang, Shiming and Fu, Ruibo},
  booktitle={Proceedings of the 1st International Workshop on Deepfake Detection for Audio Multimedia},
  pages={61--68},
  year={2022}
}

@inproceedings{delgado_asvspoof_2018,
  title={ASVspoof 2017 Version 2.0: meta-data analysis and baseline enhancements},
  author={Delgado, H{\'e}ctor and Todisco, Massimiliano and Sahidullah, Md and Evans, Nicholas and Kinnunen, Tomi and Lee, Kong Aik and Yamagishi, Junichi},
  booktitle={The Speaker and Language Recognition Workshop},
  pages={296--303},
  year={2018},
  organization={ISCA}
}

@inproceedings{warren_better_2024,
  title={" Better Be Computer or I'm Dumb": A Large-Scale Evaluation of Humans as Audio Deepfake Detectors},
  author={Warren, Kevin and Tucker, Tyler and Crowder, Anna and Olszewski, Daniel and Lu, Allison and Fedele, Caroline and Pasternak, Magdalena and Layton, Seth and Butler, Kevin and Gates, Carrie and others},
  booktitle={Proceedings of the 2024 on ACM SIGSAC Conference on Computer and Communications Security},
  pages={2696--2710},
  year={2024}
}

@inproceedings{fathan_mel-spectrogram_2022,
  title={Mel-spectrogram image-based end-to-end audio deepfake detection under channel-mismatched conditions},
  author={Fathan, Abderrahim and Alam, Jahangir and Kang, Woo Hyun},
  booktitle={2022 IEEE international conference on multimedia and expo (ICME)},
  pages={1--6},
  year={2022},
  organization={IEEE}
}

@inproceedings{altalahin_unmasking_2023,
  title={Unmasking the truth: A deep learning approach to detecting deepfake audio through mfcc features},
  author={Altalahin, Islam and AlZu'bi, Shadi and Alqudah, Assal and Mughaid, Ala},
  booktitle={2023 International Conference on Information Technology (ICIT)},
  pages={511--518},
  year={2023},
  organization={IEEE}
}

@article{hamza_deepfake_2022,
  title={Deepfake audio detection via MFCC features using machine learning},
  author={Hamza, Ameer and Javed, Abdul Rehman Rehman and Iqbal, Farkhund and Kryvinska, Natalia and Almadhor, Ahmad S and Jalil, Zunera and Borghol, Rouba},
  journal={IEEE Access},
  volume={10},
  pages={134018--134028},
  year={2022},
  publisher={IEEE}
}

@article{yi_audio_2023,
  title={Audio deepfake detection: A survey},
  author={Yi, Jiangyan and Wang, Chenglong and Tao, Jianhua and Zhang, Xiaohui and Zhang, Chu Yuan and Zhao, Yan},
  journal={arXiv preprint arXiv:2308.14970},
  year={2023}
}

@article{liu_asvspoof_2023,
  title={Asvspoof 2021: Towards spoofed and deepfake speech detection in the wild},
  author={Liu, Xuechen and Wang, Xin and Sahidullah, Md and Patino, Jose and Delgado, H{\'e}ctor and Kinnunen, Tomi and Todisco, Massimiliano and Yamagishi, Junichi and Evans, Nicholas and Nautsch, Andreas and others},
  journal={IEEE/ACM Transactions on Audio, Speech, and Language Processing},
  volume={31},
  pages={2507--2522},
  year={2023},
  publisher={IEEE}
}

@misc{tensorflow2015-whitepaper,
title={ {TensorFlow}: Large-Scale Machine Learning on Heterogeneous Systems},
url={https://www.tensorflow.org/},
note={Software available from tensorflow.org},
author={
    Mart\'{i}n~Abadi and
    Ashish~Agarwal and
    Paul~Barham and
    Eugene~Brevdo and
    Zhifeng~Chen and
    Craig~Citro and
    Greg~S.~Corrado and
    Andy~Davis and
    Jeffrey~Dean and
    Matthieu~Devin and
    Sanjay~Ghemawat and
    Ian~Goodfellow and
    Andrew~Harp and
    Geoffrey~Irving and
    Michael~Isard and
    Yangqing Jia and
    Rafal~Jozefowicz and
    Lukasz~Kaiser and
    Manjunath~Kudlur and
    Josh~Levenberg and
    Dandelion~Man\'{e} and
    Rajat~Monga and
    Sherry~Moore and
    Derek~Murray and
    Chris~Olah and
    Mike~Schuster and
    Jonathon~Shlens and
    Benoit~Steiner and
    Ilya~Sutskever and
    Kunal~Talwar and
    Paul~Tucker and
    Vincent~Vanhoucke and
    Vijay~Vasudevan and
    Fernanda~Vi\'{e}gas and
    Oriol~Vinyals and
    Pete~Warden and
    Martin~Wattenberg and
    Martin~Wicke and
    Yuan~Yu and
    Xiaoqiang~Zheng},
  year={2015},
}

@inproceedings{reimao_for_2019,
  title={For: A dataset for synthetic speech detection},
  author={Reimao, Ricardo and Tzerpos, Vassilios},
  booktitle={2019 International Conference on Speech Technology and Human-Computer Dialogue (SpeD)},
  pages={1--10},
  year={2019},
  organization={IEEE}
}

@article{lundberg2017unified,
  title={A unified approach to interpreting model predictions},
  author={Lundberg, Scott M and Lee, Su-In},
  journal={Advances in neural information processing systems},
  volume={30},
  year={2017}
}